<?xml version="1.0" encoding="UTF-8"?><collection xmlns="http://www.loc.gov/MARC21/slim"><record><leader>00489nam--2200157-u-4500</leader><controlfield tag="001">000051558</controlfield><controlfield tag="002">20161230</controlfield><controlfield tag="005">20161230201049</controlfield><controlfield tag="008">080806s1000------------r-----000-0-eng-d</controlfield><datafield ind1="1" ind2="0" tag="100"><subfield code="a">Gander, Walter</subfield></datafield><datafield ind1="1" ind2=" " tag="245"><subfield code="a">Numerische Implementationen des Rombergschen Extrapolationsverfahrens, mit Anwendurgen auf die Summation unendlicher Reihen</subfield></datafield><datafield ind1=" " ind2=" " tag="260"><subfield code="a">Zurich</subfield><subfield code="b">Juis Druck + Verlag</subfield><subfield code="c">1973</subfield></datafield><datafield ind1=" " ind2=" " tag="300"><subfield code="a">72 p</subfield></datafield><datafield ind1="1" ind2=" " tag="700"><subfield code="a">Gander, Walter</subfield></datafield><datafield ind1=" " ind2=" " tag="852"><subfield code="a">43451</subfield><subfield code="c">517.5</subfield></datafield><datafield ind1=" " ind2=" " tag="CAT"><subfield code="a">Sys</subfield><subfield code="c">20080806</subfield><subfield code="h">122148</subfield></datafield></record></collection>